<?xml version="1.0" encoding="UTF-8"?><collection xmlns="http://www.loc.gov/MARC21/slim"><record><leader>00554nam--2200181-u-4500</leader><controlfield tag="001">000056883</controlfield><controlfield tag="002">20200911</controlfield><controlfield tag="005">20200911040523</controlfield><controlfield tag="008">200911s1000------------r-----000-0-eng-d</controlfield><datafield ind1=" " ind2=" " tag="040"><subfield code="a">IFIN-HH</subfield></datafield><datafield ind1=" " ind2=" " tag="041"><subfield code="a">eng</subfield></datafield><datafield ind1="1" ind2=" " tag="100"><subfield code="a">Braun, Tibor</subfield></datafield><datafield ind1="1" ind2="0" tag="245"><subfield code="a">The Hirsh-Index for Evaluating Science and Scientists. Its Uses and Misuses. Scientometric Guidebooks Series. Vol. 3</subfield><subfield code="c">Tibor Braun (Ed.)</subfield></datafield><datafield ind1=" " ind2=" " tag="260"><subfield code="b">Akademiai Kiado</subfield><subfield code="c">2008</subfield></datafield><datafield ind1=" " ind2=" " tag="300"><subfield code="a">VI+291 p</subfield></datafield><datafield ind1=" " ind2=" " tag="500"><subfield code="a">Donatie Acad. Nicolae Victor Zamfir</subfield></datafield><datafield ind1=" " ind2=" " tag="852"><subfield code="a">82820</subfield><subfield code="c">NVZ</subfield></datafield><datafield ind1=" " ind2=" " tag="CAT"><subfield code="a">SYS</subfield><subfield code="c">20200911</subfield><subfield code="h">040523</subfield></datafield></record></collection>